%%%% Modelo para bibliografia - bibtex!
@article{artigo:ferreira:2022,
  title={Estado da arte da pesquisa em: Clean Architecture e princ{\'\i}pios de SOLID},
  author={Ferreira, Vinicius Barros Silva and Ferreira, Carlos Ant{\^o}nio and Grande, Eliana Tiba Gomes},
  journal={Research, Society and Development},
  volume={11},
  number={16},
  pages={e335111637198--e335111637198},
  year={2022}
}

@article{artigo:dantas:2021,
  title={Uma proposta de arquitetura de software limpa baseada em microsservi{\c{c}}os},
  author={Dantas, Francisco C},
  year={2021},
  publisher={Universidade Federal Rural do Semi-{\'A}rido},
   journal={}
}

@article{artigo:lopes:2021,
  title={M{\'e}todo de migra{\c{c}}{\~a}o de sistemas monol{\'\i}ticos legados para a arquitetura de microsservi{\c{c}}os},
  author={Lopes, Taylor Rodrigues},
  year={2021},
    journal={}
}

@article{artigo:bueno:2021,
  title={DESENVOLVIMENTO DE UM APLICATIVO UTILIZANDO O FRAMEWORK FLUTTER E ARQUITETURA LIMPA},
  author={BUENO, CARLOS EDUARDO DE OLIVEIRA},
  year={2021},
  publisher={Pontif{\'\i}cia Universidade Cat{\'o}lica de Goi{\'a}s},
   journal={}
}

@article{artigo:deacon:2009,
  title={Model-view-controller (mvc) architecture},
  author={Deacon, John},
  journal={Online][Citado em: 10 de mar{\c{c}}o de 2006.] http://www. jdl. co. uk/briefings/MVC. pdf},
  volume={28},
  pages={61},
  year={2009}
}


@article{artigo:reenskaug:2003,
  title={The Model-View-Controller (MVC) Its Past and Present Trygve Reenskaug, University of Oslo (trygver@ ifi. uio. no)},
  author={Reenskaug, Trygve},
  year={2003},
    journal=""
}

@article{artigo:burbeck:1992,
  title={Applications programming in smalltalk-80 (tm): How to use model-view-controller (mvc)},
  author={Burbeck, Steve},
  journal={Smalltalk-80 v2},
  volume={5},
  number={1},
  pages={1--11},
  year={1992}
}

@article{artigo:krasner:1988,
  title={A description of the model-view-controller user interface paradigm in the smalltalk-80 system},
  author={Krasner, Glenn E and Pope, Stephen T and others},
  journal={Journal of object oriented programming},
  volume={1},
  number={3},
  pages={26--49},
  year={1988}
}

@article{artigo:reenskaug:1979,
  title={The original MVC reports},
  author={Reenskaug, Trygve Mikjel H},
  year={1979},
    journal=""
}
%%%%%%%%%%%%%%%livros%%%%%%%%%%%%%%%%%%%%%%%%%%%%%%%%%%%
@book{livro:martin:cleanarch,
  title={Arquitetura Limpa: O guia do artes{\~a}o para estrutura e design de software},
  author={Martin, Robert C},
  year={2019},
  publisher={Alta Books Editora}
}

%%%%%%%%%%%%%%inproceedings%%%%%%%%%%%%%%
@inproceedings{inproceedings:grove:2011,
  title={The MVC-web design pattern},
  author={Grove, Ralph F and Ozkan, Eray},
  booktitle={International Conference on Web Information Systems and Technologies},
  volume={2},
  pages={127--130},
  year={2011},
  organization={SCITEPRESS}
}